[gd_scene load_steps=19 format=3 uid="uid://bct4v2hhfohif"]

[ext_resource type="Texture2D" uid="uid://cj0hul2635lc2" path="res://board/surface/Metal009_1K_Color.png" id="1_28muy"]
[ext_resource type="Texture2D" uid="uid://py8jbsgtvvi5" path="res://board/surface/Metal009_1K_Displacement.png" id="2_8nqji"]
[ext_resource type="Texture2D" uid="uid://d05bpcjn505vb" path="res://board/surface/Metal009_1K_Metalness.png" id="3_4ih2d"]
[ext_resource type="Texture2D" uid="uid://dqkem0fk5b6j8" path="res://board/surface/Metal009_1K_NormalGL.png" id="4_nv2u2"]
[ext_resource type="Texture2D" uid="uid://b8cgmpjtqhxa3" path="res://board/surface/Metal009_1K_Roughness.png" id="5_n0oel"]
[ext_resource type="Script" path="res://Card.gd" id="6_utuup"]
[ext_resource type="Texture2D" uid="uid://cwwukkt7e7gxk" path="res://board/card/Leather014_1K_Color.png" id="7_s2iji"]
[ext_resource type="Texture2D" uid="uid://3xn1sw1ilelx" path="res://board/card/Leather014_1K_Displacement.png" id="8_0mk85"]
[ext_resource type="Texture2D" uid="uid://ckjqwxhfy7nu6" path="res://board/card/Leather014_1K_NormalGL.png" id="9_np1q7"]
[ext_resource type="Texture2D" uid="uid://enlui832a5se" path="res://board/card/Leather014_1K_Roughness.png" id="10_n51hi"]

[sub_resource type="Sky" id="Sky_dkw76"]

[sub_resource type="Environment" id="Environment_0cgx4"]
background_mode = 1
background_color = Color(0.156863, 0.156863, 0.156863, 1)
sky = SubResource( "Sky_dkw76" )

[sub_resource type="StandardMaterial3D" id="StandardMaterial3D_li5ds"]
albedo_color = Color(0.384314, 0.384314, 0.384314, 1)
albedo_texture = ExtResource( "1_28muy" )
metallic = 1.0
metallic_texture = ExtResource( "3_4ih2d" )
roughness_texture = ExtResource( "5_n0oel" )
normal_enabled = true
normal_texture = ExtResource( "4_nv2u2" )
heightmap_enabled = true
heightmap_texture = ExtResource( "2_8nqji" )
uv1_scale = Vector3(5, 5, 1)

[sub_resource type="PlaneMesh" id="PlaneMesh_lw5na"]
material = SubResource( "StandardMaterial3D_li5ds" )
size = Vector2(25, 25)

[sub_resource type="BoxShape3D" id="BoxShape3D_osmx7"]
size = Vector3(25, 1, 25)

[sub_resource type="StandardMaterial3D" id="StandardMaterial3D_s5f0e"]
albedo_texture = ExtResource( "7_s2iji" )
roughness_texture = ExtResource( "10_n51hi" )
normal_enabled = true
normal_texture = ExtResource( "9_np1q7" )
heightmap_enabled = true
heightmap_scale = 0.5
heightmap_texture = ExtResource( "8_0mk85" )

[sub_resource type="BoxMesh" id="BoxMesh_bje1l"]
material = SubResource( "StandardMaterial3D_s5f0e" )
size = Vector3(1, 0.02, 1.55)

[sub_resource type="BoxShape3D" id="BoxShape3D_4xxcc"]
size = Vector3(1.1, 0.1, 1.6)

[node name="Main" type="Control"]
anchor_right = 1.0
anchor_bottom = 1.0
mouse_filter = 2

[node name="Board" type="Node3D" parent="."]

[node name="Camera3D" type="Camera3D" parent="Board"]
transform = Transform3D(1, 0, 0, 0, 0.551718, 0.83403, 0, -0.83403, 0.551718, 0.14424, 5.85531, 12.4294)
environment = SubResource( "Environment_0cgx4" )
current = true
fov = 45.0

[node name="DirectionalLight3D" type="OmniLight3D" parent="Board"]
transform = Transform3D(1, 0, 0, 0, -4.37114e-08, 1, 0, -1, -4.37114e-08, 0, 4.93295, 13.4409)
light_color = Color(0.643137, 0.733333, 0.682353, 1)
light_size = 15.0
omni_range = 10.7717

[node name="Surface" type="StaticBody3D" parent="Board"]

[node name="Mesh" type="MeshInstance3D" parent="Board/Surface"]
mesh = SubResource( "PlaneMesh_lw5na" )
skeleton = NodePath("../..")

[node name="Shape" type="CollisionShape3D" parent="Board/Surface"]
transform = Transform3D(1, 0, 0, 0, 1, 0, 0, 0, 1, 0, -0.5, 0)
shape = SubResource( "BoxShape3D_osmx7" )

[node name="Card" type="Node3D" parent="Board"]
transform = Transform3D(1, 0, 0, 0, 1, 0, 0, 0, 1, 1.173, 0, 10.106)
script = ExtResource( "6_utuup" )

[node name="Mesh" type="MeshInstance3D" parent="Board/Card"]
mesh = SubResource( "BoxMesh_bje1l" )

[node name="Area3D" type="Area3D" parent="Board/Card"]
disable_mode = 2

[node name="CollisShapeionShape3D" type="CollisionShape3D" parent="Board/Card/Area3D"]
shape = SubResource( "BoxShape3D_4xxcc" )

[connection signal="mouse_entered" from="Board/Card/Area3D" to="Board/Card" method="_on_mouse_entered"]
[connection signal="mouse_exited" from="Board/Card/Area3D" to="Board/Card" method="_on_mouse_exited"]
